
@article{mamidi2018,
	title = {Impact of the Myosin Modulator Mavacamten on Force Generation and Cross{-}Bridge Behavior in a Murine Model of Hypercontractility},
	author = {Mamidi, Ranganath and Li, Jiayang and Doh, Chang Yoon and Verma, Sujeet and Stelzer, Julian E.},
	year = {2018},
	month = {09},
	date = {2018-09-04},
	journal = {Journal of the American Heart Association},
	pages = {e009627},
	volume = {7},
	number = {17},
	doi = {10.1161/JAHA.118.009627},
	url = {https://www.ahajournals.org/doi/10.1161/JAHA.118.009627},
	langid = {en}
}

@article{olivotto2020,
	title = {Mavacamten for treatment of symptomatic obstructive hypertrophic cardiomyopathy (EXPLORER-HCM): a randomised, double-blind, placebo-controlled, phase 3 trial},
	author = {Olivotto, Iacopo and Oreziak, Artur and Barriales-Villa, Roberto and Abraham, Theodore P. and Masri, Ahmad and Garcia-Pavia, Pablo and Saberi, Sara and Lakdawala, Neal K. and Wheeler, Matthew T. and Owens, Anjali and Kubanek, Milos and Wojakowski, Wojciech and Jensen, Morten K. and Gimeno-Blanes, Juan and Afshar, Kia and Myers, Jonathan and Hegde, Sheila M. and Solomon, Scott D. and Sehnert, Amy J. and Zhang, David and Li, Wanying and Bhattacharya, Mondira and Edelberg, Jay M. and Waldman, Cynthia Burstein and Lester, Steven J. and Wang, Andrew and Ho, Carolyn Y. and Jacoby, Daniel and Bartunek, Jozef and Bondue, Antoine and Craenenbroeck, Emeline Van and Kubanek, Milos and Zemanek, David and Jensen, Morten and Mogensen, Jens and Thune, Jens Jakob and Charron, Philippe and Hagege, Albert and Lairez, Olivier and Trochu, {Jean-Noël} and Axthelm, Christoph and Duengen, Hans-Dirk and Frey, Norbert and Mitrovic, Veselin and Preusch, Michael and Schulz-Menger, Jeanette and Seidler, Tim and Arad, Michael and Halabi, Majdi and Katz, Amos and Monakier, Daniel and Paz, Offir and Viskin, Samuel and Zwas, Donna and Olivotto, Iacopo and Rocca, Hans Peter Brunner-La and Michels, Michelle and Dudek, Dariusz and Oko-Sarnowska, Zofia and Oreziak, Artur and Wojakowski, Wojciech and Cardim, Nuno and Pereira, Helder and Barriales-Villa, Roberto and Pavia, {Pablo García} and Blanes, Juan Gimeno and Urbano, Rafael Hidalgo and Diaz, {Luis Miguel Rincón} and Elliott, Perry and Yousef, Zaheer and Abraham, Theodore and Afshar, Kia and Alvarez, Paulino and Bach, Richard and Becker, Richard and Choudhury, Lubna and Fermin, David and Jacoby, Daniel and Jefferies, John and Kramer, Christopher and Lakdawala, Neal and Lester, Steven and Marian, Ali and Masri, Ahmad and Maurer, Mathew and Nagueh, Sherif and Owens, Anjali and Owens, David and Rader, Florian and Saberi, Sara and Sherrid, Mark and Shirani, Jamshid and Symanski, John and Turer, Aslan and Wang, Andrew and Wever-Pinzon, Omar and Wheeler, Matthew and Wong, Timothy and Yamani, Mohamad},
	year = {2020},
	month = {09},
	date = {2020-09-12},
	journal = {The Lancet},
	pages = {759--769},
	volume = {396},
	number = {10253},
	doi = {10.1016/S0140-6736(20)31792-X},
	url = {https://www.thelancet.com/article/S0140-6736(20)31792-X/fulltext},
	note = {Publisher: Elsevier
PMID: 32871100},
	langid = {English}
}

@article{saberi2021,
	title = {Mavacamten Favorably Impacts Cardiac Structure in Obstructive Hypertrophic Cardiomyopathy},
	author = {Saberi, Sara and Cardim, Nuno and Yamani, Mohamad and Schulz-Menger, Jeanette and Li, Wanying and Florea, Victoria and Sehnert, Amy J. and Kwong, Raymond Y. and Jerosch-Herold, Michael and Masri, Ahmad and Owens, Anjali and Lakdawala, Neal K. and Kramer, Christopher M. and Sherrid, Mark and Seidler, Tim and Wang, Andrew and Sedaghat-Hamedani, Farbod and Meder, Benjamin and Havakuk, Ofer and Jacoby, Daniel},
	year = {2021},
	month = {02},
	date = {2021-02-09},
	journal = {Circulation},
	pages = {606--608},
	volume = {143},
	number = {6},
	doi = {10.1161/CIRCULATIONAHA.120.052359},
	url = {https://www.ahajournals.org/doi/10.1161/CIRCULATIONAHA.120.052359},
	note = {Publisher: American Heart Association}
}

@article{joy2023,
	title = {Microstructural and Microvascular Phenotype of Sarcomere Mutation Carriers and Overt Hypertrophic Cardiomyopathy},
	author = {Joy, George and Kelly, Christopher I. and Webber, Matthew and Pierce, Iain and Teh, Irvin and McGrath, Louise and Velazquez, Paula and Hughes, Rebecca K. and Kotwal, Huafrin and Das, Arka and Chan, Fiona and Bakalakos, Athanasios and Lorenzini, Massimiliano and Savvatis, Konstantinos and Mohiddin, Saidi A. and Macfarlane, Peter W. and Orini, Michele and Manisty, Charlotte and Kellman, Peter and Davies, Rhodri H. and Lambiase, Pier D. and Nguyen, Christopher and Schneider, Jurgen E. and Tome, Maite and Captur, Gabriella and {Dall{\textquoteright}Armellina}, Erica and Moon, James C. and Lopes, Luis R.},
	year = {2023},
	month = {09},
	date = {2023-09-05},
	journal = {Circulation},
	pages = {808--818},
	volume = {148},
	number = {10},
	doi = {10.1161/CIRCULATIONAHA.123.063835},
	url = {https://www.ahajournals.org/doi/full/10.1161/CIRCULATIONAHA.123.063835},
	note = {Publisher: American Heart Association}
}

@article{desai2023,
	title = {Mavacamten in Patients With Hypertrophic Cardiomyopathy Referred for Septal Reduction: Week 56 Results From the VALOR-HCM Randomized Clinical Trial},
	author = {Desai, Milind Y. and Owens, Anjali and Wolski, Kathy and Geske, Jeffrey B. and Saberi, Sara and Wang, Andrew and Sherrid, Mark and Cremer, Paul C. and Lakdawala, Neal K. and Tower-Rader, Albree and Fermin, David and Naidu, Srihari S. and Smedira, Nicholas G. and Schaff, Hartzell and McErlean, Ellen and Sewell, Christina and Mudarris, Lana and Gong, Zhiqun and Lampl, Kathy and Sehnert, Amy J. and Nissen, Steven E.},
	year = {2023},
	month = {10},
	date = {2023-10-01},
	journal = {JAMA Cardiology},
	pages = {968--977},
	volume = {8},
	number = {10},
	doi = {10.1001/jamacardio.2023.3342},
	url = {https://doi.org/10.1001/jamacardio.2023.3342}
}

@article{davies2022,
	title = {Precision measurement of cardiac structure and function in cardiovascular magnetic resonance using machine learning},
	author = {Davies, Rhodri H. and Augusto, {João B.} and Bhuva, Anish and Xue, Hui and Treibel, Thomas A. and Ye, Yang and Hughes, Rebecca K. and Bai, Wenjia and Lau, Clement and Shiwani, Hunain and Fontana, Marianna and Kozor, Rebecca and Herrey, Anna and Lopes, Luis R. and Maestrini, Viviana and Rosmini, Stefania and Petersen, Steffen E. and Kellman, Peter and Rueckert, Daniel and Greenwood, John P. and Captur, Gabriella and Manisty, Charlotte and Schelbert, Erik and Moon, James C.},
	year = {2022},
	month = {12},
	date = {2022-12},
	journal = {Journal of Cardiovascular Magnetic Resonance},
	pages = {16},
	volume = {24},
	number = {1},
	doi = {10.1186/s12968-022-00846-4},
	url = {https://jcmr-online.biomedcentral.com/articles/10.1186/s12968-022-00846-4},
	langid = {en}
}

@article{augusto2021,
	title = {Diagnosis and risk stratification in hypertrophic cardiomyopathy using machine learning wall thickness measurement: a comparison with human test-retest performance},
	author = {Augusto, {João B} and Davies, Rhodri H and Bhuva, Anish N and Knott, Kristopher D and Seraphim, Andreas and Alfarih, Mashael and Lau, Clement and Hughes, Rebecca K and Lopes, {Luís R} and Shiwani, Hunain and Treibel, Thomas A and Gerber, Bernhard L and Hamilton-Craig, Christian and Ntusi, Ntobeko A B and Pontone, Gianluca and Desai, Milind Y and Greenwood, John P and Swoboda, Peter P and Captur, Gabriella and Cavalcante, {João} and Bucciarelli-Ducci, Chiara and Petersen, Steffen E and Schelbert, Erik and Manisty, Charlotte and Moon, James C},
	year = {2021},
	month = {01},
	date = {2021-01},
	journal = {The Lancet Digital Health},
	pages = {e20--e28},
	volume = {3},
	number = {1},
	doi = {10.1016/S2589-7500(20)30267-3},
	url = {https://linkinghub.elsevier.com/retrieve/pii/S2589750020302673},
	langid = {en}
}

@article{raphael2016,
	title = {Mechanisms of Myocardial Ischemia in Hypertrophic Cardiomyopathy: Insights From Wave Intensity Analysis and Magnetic Resonance},
	author = {Raphael, Claire E. and Cooper, Robert and Parker, Kim H. and Collinson, Julian and Vassiliou, Vassilis and Pennell, Dudley J. and de Silva, Ranil and Hsu, Li Yueh and Greve, Anders M. and Nijjer, Sukh and Broyd, Chris and Ali, Aamir and Keegan, Jennifer and Francis, Darrel P. and Davies, Justin E. and Hughes, Alun D. and Arai, Andrew and Frenneaux, Michael and Stables, Rod H. and Di Mario, Carlo and Prasad, Sanjay K.},
	year = {2016},
	month = {10},
	date = {2016-10-11},
	journal = {Journal of the American College of Cardiology},
	pages = {1651--1660},
	volume = {68},
	number = {15},
	doi = {10.1016/j.jacc.2016.07.751},
	url = {https://www.sciencedirect.com/science/article/pii/S0735109716348860}
}

@article{bhuva2021,
	title = {Measurement of T1 Mapping in Patients With Cardiac Devices: Off-Resonance Error Extends Beyond Visual Artifact but Can Be Quantified and Corrected},
	author = {Bhuva, Anish N. and Treibel, Thomas A. and Seraphim, Andreas and Scully, Paul and Knott, Kristopher D. and Augusto, {João B.} and Torlasco, Camilla and Menacho, Katia and Lau, Clement and Patel, Kush and Moon, James C. and Kellman, Peter and Manisty, Charlotte H.},
	year = {2021},
	date = {2021},
	journal = {Frontiers in Cardiovascular Medicine},
	pages = {631366},
	volume = {8},
	doi = {10.3389/fcvm.2021.631366},
	note = {PMID: 33585589
PMCID: PMC7878555},
	langid = {eng}
}

@article{kellman2017,
	title = {Myocardial perfusion cardiovascular magnetic resonance: optimized dual sequence and reconstruction for quantification},
	author = {Kellman, Peter and Hansen, Michael S. and Nielles-Vallespin, Sonia and Nickander, Jannike and Themudo, Raquel and Ugander, Martin and Xue, Hui},
	year = {2017},
	month = {12},
	date = {2017-12},
	journal = {Journal of Cardiovascular Magnetic Resonance},
	pages = {43},
	volume = {19},
	number = {1},
	doi = {10.1186/s12968-017-0355-5},
	url = {http://jcmr-online.biomedcentral.com/articles/10.1186/s12968-017-0355-5},
	langid = {en}
}
